<record><leader>00000cas a22000007a 4500</leader><controlfield tag="001">18535812</controlfield><controlfield tag="008">880927u197uuuuupauwr ne      0    0eng d</controlfield><datafield ind1=" " ind2=" " tag="010"><subfield code="a">sn 88080962 </subfield></datafield><datafield ind1=" " ind2=" " tag="040"><subfield code="a">NPH</subfield><subfield code="b">eng</subfield><subfield code="c">NPH</subfield><subfield code="d">OCLCQ</subfield></datafield><datafield ind1=" " ind2=" " tag="042"><subfield code="a">msc</subfield></datafield><datafield ind1="0" ind2="4" tag="245"><subfield code="a">The West Hills citizen.</subfield></datafield><datafield ind1="3" ind2="0" tag="246"><subfield code="a">Citizen</subfield></datafield><datafield ind1=" " ind2=" " tag="260"><subfield code="a">Pittsburgh, Pa. :</subfield><subfield code="b">Sunshine Press</subfield></datafield><datafield ind1=" " ind2=" " tag="300"><subfield code="a">v. :</subfield><subfield code="b">ill. ;</subfield><subfield code="c">43 cm.</subfield></datafield><datafield ind1=" " ind2=" " tag="310"><subfield code="a">Weekly</subfield></datafield><datafield ind1=" " ind2=" " tag="500"><subfield code="a">"Serving Robinson, Kennedy, Stowe &amp; Moon &amp; Neville Island Twps; and West Park, Coraopolis, McKees Rocks."</subfield></datafield><datafield ind1=" " ind2=" " tag="500"><subfield code="a">"Continuing: The Robinson-Kennedy Township times."</subfield></datafield><datafield ind1=" " ind2=" " tag="588"><subfield code="a">Description based on: Vol. 4, no. 20 (May 16, 1979).</subfield></datafield><datafield ind1=" " ind2=" " tag="752"><subfield code="a">United States</subfield><subfield code="b">Pennsylvania</subfield><subfield code="c">Allegheny</subfield><subfield code="d">Pittsburgh.</subfield></datafield><datafield ind1="1" ind2="0" tag="780"><subfield code="t">Robinson-Kennedy Township times</subfield><subfield code="w">(DLC)sn 85054972</subfield></datafield><datafield ind1="1" ind2=" " tag="029"><subfield code="a">AU@</subfield><subfield code="b">000025793001</subfield></datafield></record>